<?xml version="1.0" encoding="UTF-8"?><collection xmlns="http://www.loc.gov/MARC21/slim"><record><leader>00484nam--2200181-i-4500</leader><controlfield tag="001">000045153</controlfield><controlfield tag="002">20161230</controlfield><controlfield tag="005">20161230201044</controlfield><controlfield tag="008">060222s1000------------r-----000-0-rus-d</controlfield><datafield ind1=" " ind2=" " tag="040"><subfield code="a">IFIN-HH</subfield></datafield><datafield ind1=" " ind2=" " tag="041"><subfield code="a">rus</subfield></datafield><datafield ind1=" " ind2=" " tag="080"><subfield code="a">523.9-47</subfield></datafield><datafield ind1="1" ind2=" " tag="100"><subfield code="a">Kujevskii, B.M</subfield></datafield><datafield ind1="1" ind2="0" tag="245"><subfield code="a">Iadernie protessi v atmosfere solnta i solnecenoe kosmiceskoe izlucenie</subfield><subfield code="c">B.m. kujevskii</subfield></datafield><datafield ind1=" " ind2=" " tag="260"><subfield code="a">Moskva</subfield><subfield code="b">Energoatomizdat</subfield><subfield code="c">1985</subfield></datafield><datafield ind1=" " ind2=" " tag="300"><subfield code="a">87P</subfield></datafield><datafield ind1=" " ind2=" " tag="852"><subfield code="a">73081</subfield><subfield code="c">523</subfield></datafield><datafield ind1=" " ind2=" " tag="CAT"><subfield code="a">Sys</subfield><subfield code="c">20141205</subfield><subfield code="h">162826</subfield></datafield></record></collection>